@article{collberg2016repeatability,
  title={Repeatability in computer systems research},
  author={Collberg, Christian and Proebsting, Todd A},
  journal={Communications of the ACM},
  volume={59},
  number={3},
  pages={62--69},
  year={2016},
  publisher={ACM}
}

@TechReport{proebsting2015repeatability,
  title={Repeatability and Benefaction in Computer Systems Research},
  author={Collberg, Christian and Proebsting, Todd and Warren, Alex M},
  year={2015},
  institution =  {University of Arizona},
  note = 	 {TR 14-04}
}

@inproceedings{kovacevic2007encourage,
  title={How to encourage and publish reproducible research},
  author={Kovacevic, Jelena},
  booktitle={Acoustics, Speech and Signal Processing, 2007. ICASSP 2007. IEEE International Conference on},
  volume={4},
  pages={IV--1273},
  year={2007},
  organization={IEEE}
}

@article{vandewalle2009reproducible,
  title={Reproducible research in signal processing},
  author={Vandewalle, Patrick and Kova{\v{c}}evi{\'c}, Jelena and Vetterli, Martin},
  journal={Signal Processing Magazine, IEEE},
  volume={26},
  number={3},
  pages={37--47},
  year={2009},
  publisher={IEEE}
}

@article{stodden2009enabling,
  title={Enabling reproducible research: Licensing for scientific innovation},
  author={Stodden, Victoria},
  journal={Int'l J. Comm. L. \& Pol'y},
  volume={13},
  pages={1},
  year={2009},
  publisher={HeinOnline}
}

@inproceedings{klein2012run,
  title={Run your research: on the effectiveness of lightweight mechanization},
  author={Klein, Casey and Clements, John and Dimoulas, Christos and Eastlund, Carl and Felleisen, Matthias and Flatt, Matthew and McCarthy, Jay A and Rafkind, Jon and Tobin-Hochstadt, Sam and Findler, Robert Bruce},
  booktitle={ACM SIGPLAN Notices},
  volume={47},
  number={1},
  pages={285--296},
  year={2012},
  organization={ACM}
}

@article{gonzalez2012reproducibility,
  title={On the reproducibility of empirical software engineering studies based on data retrieved from development repositories},
  author={Gonz{\'a}lez-Barahona, Jes{\'u}s M and Robles, Gregorio},
  journal={Empirical Software Engineering},
  volume={17},
  number={1-2},
  pages={75--89},
  year={2012},
  publisher={Springer}
}

@article{ince2012case,
  title={The case for open computer programs},
  author={Ince, Darrel C and Hatton, Leslie and Graham-Cumming, John},
  journal={Nature},
  volume={482},
  number={7386},
  pages={485--488},
  year={2012},
  publisher={Nature Publishing Group}
}

@article{joppa2013troubling,
  title={Troubling trends in scientific software use},
  author={Joppa, Lucas N and McInerny, Greg and Harper, Richard and Salido, Lara and Takeda, Kenji and O’Hara, Kenton and Gavaghan, David and Emmott, Stephen and others},
  journal={Science},
  volume={340},
  number={6134},
  pages={814--815},
  year={2013},
  publisher={American Association for the Advancement of Science}
}

@inproceedings{ernst,
   author = {Michael D. Ernst and Alberto Lovato and Damiano Macedonio and
	Fausto Spoto and Javier Thaine},
   title = {Locking discipline inference and checking},
   booktitle = {ICSE'16, Proceedings of the 38th International Conference
	on Software Engineering},
   address = {Austin, TX, USA},
   month = {May~18--20,},
   year = {2016}
}

@inproceedings{prada,
  title={PRADA: prioritizing android devices for apps by mining large-scale usage data},
  author={Lu, Xuan and Liu, Xuanzhe and Li, Huoran and Xie, Tao and Mei, Qiaozhu and Hao, Dan and Huang, Gang and Feng, Feng},
  booktitle={Proceedings of the 38th International Conference on Software Engineering},
  pages={3--13},
  year={2016},
  organization={ACM}
}

@inproceedings{desai,
  author    = {Aditya Desai and
               Sumit Gulwani and
               Vineet Hingorani and
               Nidhi Jain and
               Amey Karkare and
               Mark Marron and
               Sailesh R and
               Subhajit Roy},
  title     = {Program synthesis using natural language},
  booktitle = {Proceedings of the 38th International Conference on Software Engineering,
               {ICSE} 2016, Austin, TX, USA, May 14-22, 2016},
  pages     = {345--356},
  year      = {2016},
  crossref  = {DBLP:conf/icse/2016},
  url       = {http://doi.acm.org/10.1145/2884781.2884786},
  doi       = {10.1145/2884781.2884786},
  timestamp = {Sun, 15 May 2016 11:55:22 +0200},
  biburl    = {http://dblp.uni-trier.de/rec/bib/conf/icse/DesaiGHJKMRR16},
  bibsource = {dblp computer science bibliography, http://dblp.org}
}
@proceedings{DBLP:conf/icse/2016,
  editor    = {Laura K. Dillon and
               Willem Visser and
               Laurie Williams},
  title     = {Proceedings of the 38th International Conference on Software Engineering,
               {ICSE} 2016, Austin, TX, USA, May 14-22, 2016},
  publisher = {{ACM}},
  year      = {2016},
  url       = {http://doi.acm.org/10.1145/2884781},
  doi       = {10.1145/2884781},
  isbn      = {978-1-4503-3900-1},
  timestamp = {Sun, 15 May 2016 11:55:07 +0200},
  biburl    = {http://dblp.uni-trier.de/rec/bib/conf/icse/2016},
  bibsource = {dblp computer science bibliography, http://dblp.org}
}